<collection xmlns='http://www.loc.gov/MARC21/slim' xmlns:xsi='http://www.w3.org/2001/XMLSchema-instance' xsi:schemaLocation='http://www.loc.gov/standards/marcxml/schema/MARC21slim.xsd'>
  <record xmlns="http://www.loc.gov/MARC21/slim">
    <leader>00000ntm a2200000Ia 4500</leader>
    <controlfield tag="001">on1196047642</controlfield>
    <controlfield tag="008">200916s1724    tu            000 0 ara d</controlfield>
    <datafield tag="040" ind1=" " ind2=" ">
      <subfield code="a">ZCU</subfield>
      <subfield code="b">eng</subfield>
      <subfield code="e">amremm</subfield>
      <subfield code="c">ZCU</subfield>
    </datafield>
    <datafield tag="035" ind1=" " ind2=" ">
      <subfield code="a">(NNC)14974439</subfield>
    </datafield>
    <datafield tag="043" ind1=" " ind2=" ">
      <subfield code="a">n-us-ny</subfield>
    </datafield>
    <datafield tag="049" ind1=" " ind2=" ">
      <subfield code="a">ZCUA</subfield>
    </datafield>
    <datafield tag="245" ind1="0" ind2="0">
      <subfield code="a">[Collection of treatises on Sufism and Islam]</subfield>
    </datafield>
    <datafield tag="264" ind1=" " ind2="0">
      <subfield code="a">[Turkey?],</subfield>
      <subfield code="c">1724.</subfield>
    </datafield>
    <datafield tag="300" ind1=" " ind2=" ">
      <subfield code="a">ii, 102, ii leaves:</subfield>
      <subfield code="b">laid paper;</subfield>
      <subfield code="c">221 x 160 (170 x 120) mm, bound to 222 x 170 x 24 mm</subfield>
    </datafield>
    <datafield tag="336" ind1=" " ind2=" ">
      <subfield code="a">text</subfield>
      <subfield code="b">txt</subfield>
      <subfield code="2">rdacontent</subfield>
    </datafield>
    <datafield tag="337" ind1=" " ind2=" ">
      <subfield code="a">unmediated</subfield>
      <subfield code="b">n</subfield>
      <subfield code="2">rdamedia</subfield>
    </datafield>
    <datafield tag="338" ind1=" " ind2=" ">
      <subfield code="a">volume</subfield>
      <subfield code="b">nc</subfield>
      <subfield code="2">rdacarrier</subfield>
    </datafield>
    <datafield tag="340" ind1=" " ind2=" ">
      <subfield code="d">manuscript</subfield>
    </datafield>
    <datafield tag="500" ind1=" " ind2=" ">
      <subfield code="a">Manuscript codex.</subfield>
    </datafield>
    <datafield tag="520" ind1=" " ind2=" ">
      <subfield code="a">A collection of five texts on religion, three by al-Ghazzālī, one by Abū Ḥanīfah and one by Arslān ibn Yaʻqūb al-Jaʻbarī.</subfield>
    </datafield>
    <datafield tag="500" ind1=" " ind2=" ">
      <subfield code="a">Title supplied by cataloger.</subfield>
    </datafield>
    <datafield tag="530" ind1=" " ind2=" ">
      <subfield code="a">Also available as a digital facsimile.</subfield>
    </datafield>
    <datafield tag="546" ind1=" " ind2=" ">
      <subfield code="a">Arabic.</subfield>
    </datafield>
    <datafield tag="505" ind1="0" ind2=" ">
      <subfield code="a">1. f. 1v-81r: Minhāj al-ʻābidīn -- 2. f. 81v-87r: Ayyuhā al-walad -- 3. f. 87r-90v: Waṣīyat Abī Ḥanifah -- 4. f. 91v-100r: Kashf wa-al-tabyīn fī ghurūr al-khalq ajmaʻīn -- 5. f. 100v-102r: Risālat al-tawḥīd</subfield>
    </datafield>
    <datafield tag="500" ind1=" " ind2=" ">
      <subfield code="a">Layout: Written in 21 long lines.</subfield>
    </datafield>
    <datafield tag="500" ind1=" " ind2=" ">
      <subfield code="a">Script: Written in naskh in black ink; pointed, one text fully vocalized.</subfield>
    </datafield>
    <datafield tag="500" ind1=" " ind2=" ">
      <subfield code="a">Decoration: Some overlining in black; some marginal rubrications.</subfield>
    </datafield>
    <datafield tag="500" ind1=" " ind2=" ">
      <subfield code="a">Origin: Two treatises dated Jumādá al-Ūlá 1136 A.H. (1724) (f. 81r, 90v)</subfield>
    </datafield>
    <datafield tag="500" ind1=" " ind2=" ">
      <subfield code="a">Shelfmark: UTS MS Arab. 10</subfield>
    </datafield>
    <datafield tag="561" ind1="1" ind2=" ">
      <subfield code="a">Formerly owned by a dervish of the Merkez Efendi lodge (owner's note dated 1225 A.H. (1810-11 CE) (f. 1r).</subfield>
    </datafield>
    <datafield tag="561" ind1="1" ind2=" ">
      <subfield code="a">Given in waqf to the Tekke (Sufi lodge) of Merkez Efendi, likely shortly after 1228 A.H. (1810-11 CE) (waqf [endowment] note, f. 1r, 81v, 82r).</subfield>
    </datafield>
    <datafield tag="563" ind1=" " ind2=" ">
      <subfield code="a">Bound in half covers with tan paper sides with flap (Type II), brown leather spine and edges; plain paper doublure.</subfield>
    </datafield>
    <datafield tag="588" ind1="0" ind2=" ">
      <subfield code="a">Item cataloged from digital facsimile and existing description.</subfield>
    </datafield>
    <datafield tag="650" ind1=" " ind2="0">
      <subfield code="a">Sufism</subfield>
      <subfield code="v">Early works to 1800.</subfield>
    </datafield>
    <datafield tag="650" ind1=" " ind2="0">
      <subfield code="a">Religious life</subfield>
      <subfield code="x">Islam</subfield>
      <subfield code="v">Early works to 1800.</subfield>
    </datafield>
    <datafield tag="650" ind1=" " ind2="0">
      <subfield code="a">Manuscripts, Arabic</subfield>
      <subfield code="z">New York (State)</subfield>
      <subfield code="z">New York.</subfield>
    </datafield>
    <datafield tag="700" ind1="0" ind2="2">
      <subfield code="6">880-01</subfield>
      <subfield code="a">Ghazzālī,</subfield>
      <subfield code="d">1058-1111.</subfield>
      <subfield code="t">Minhāj al-ʻābidīn.</subfield>
    </datafield>
    <datafield tag="700" ind1="0" ind2="2">
      <subfield code="6">880-02</subfield>
      <subfield code="a">Ghazzālī,</subfield>
      <subfield code="d">1058-1111.</subfield>
      <subfield code="t">Ayyuhā al-walad.</subfield>
    </datafield>
    <datafield tag="700" ind1="0" ind2="2">
      <subfield code="6">880-03</subfield>
      <subfield code="a">Abū Ḥanīfah,</subfield>
      <subfield code="d">-767 or 768.</subfield>
      <subfield code="t">Waṣīyah.</subfield>
    </datafield>
    <datafield tag="700" ind1="0" ind2="2">
      <subfield code="6">880-04</subfield>
      <subfield code="a">Ghazzālī,</subfield>
      <subfield code="d">1058-1111.</subfield>
      <subfield code="t">Kashf wa-al-tabyīn fī ghurūr al-khalq ajmaʻīn.</subfield>
    </datafield>
    <datafield tag="700" ind1="1" ind2="2">
      <subfield code="6">880-05</subfield>
      <subfield code="a">Jaʻbarī, Arslān ibn Yaʻqūb,</subfield>
      <subfield code="d">-1300.</subfield>
      <subfield code="t">Risālah fī al-tawḥīd.</subfield>
    </datafield>
    <datafield tag="710" ind1="2" ind2=" ">
      <subfield code="a">Arabic Manuscripts Collection (Burke Library at Union Theological Seminary)</subfield>
      <subfield code="5">NNC</subfield>
    </datafield>
    <datafield tag="710" ind1="2" ind2=" ">
      <subfield code="a">Muslim World Manuscripts (Columbia University. Rare Book and Manuscript Library)</subfield>
      <subfield code="5">NNC</subfield>
    </datafield>
    <datafield tag="856" ind1="4" ind2="1">
      <subfield code="z">Digital facsimile in OPenn</subfield>
      <subfield code="u">http://openn.library.upenn.edu/Data/0033/html/uts_ms_010_arabic.html</subfield>
    </datafield>
    <datafield tag="852" ind1=" " ind2=" ">
      <subfield code="a">Columbia University.</subfield>
      <subfield code="b">Burke Library at Union Theological Seminary</subfield>
      <subfield code="e">New York, NY. 10027</subfield>
      <subfield code="n">nyu</subfield>
      <subfield code="u">https://clio.columbia.edu/catalog/14974439</subfield>
    </datafield>
    <datafield tag="880" ind1="0" ind2="2">
      <subfield code="6">700-01/(3/r</subfield>
      <subfield code="a">غزالي،</subfield>
      <subfield code="d">1058-1111،</subfield>
      <subfield code="t">منهاج العابدين.</subfield>
    </datafield>
    <datafield tag="880" ind1="0" ind2="2">
      <subfield code="6">700-02/(3/r</subfield>
      <subfield code="a">غزالي،</subfield>
      <subfield code="d">1058-1111،</subfield>
      <subfield code="t">ايها الولد.</subfield>
    </datafield>
    <datafield tag="880" ind1="0" ind2="2">
      <subfield code="6">700-03/(3/r</subfield>
      <subfield code="a">ابو حنيفة،</subfield>
      <subfield code="d">-767 او 768،</subfield>
      <subfield code="t">وصية ابي حنيفة.</subfield>
    </datafield>
    <datafield tag="880" ind1="0" ind2="2">
      <subfield code="6">700-04/(3/r</subfield>
      <subfield code="a">غزالي،</subfield>
      <subfield code="d">1058-1111،</subfield>
      <subfield code="t">كشف والتبيين في غرور الخلق اجمعين.</subfield>
    </datafield>
    <datafield tag="880" ind1="1" ind2="2">
      <subfield code="6">700-05/(3/r</subfield>
      <subfield code="a">جعبري، ارسلان بن يعقوب،</subfield>
      <subfield code="d">-1300،</subfield>
      <subfield code="t">رسالة في التوحيد.</subfield>
    </datafield>
    <datafield tag="066" ind1=" " ind2=" ">
      <subfield code="c">(3</subfield>
    </datafield>
  </record></collection>